<record><leader>00000cas a2200000 a 4500</leader><controlfield tag="001">36933797</controlfield><controlfield tag="008">970520d18871951oruwr ne      0    0eng c</controlfield><datafield ind1=" " ind2=" " tag="010"><subfield code="a">sn 96088358 </subfield></datafield><datafield ind1=" " ind2=" " tag="040"><subfield code="a">OCN</subfield><subfield code="b">eng</subfield><subfield code="c">OCN</subfield><subfield code="d">OCLCQ</subfield><subfield code="d">ORU</subfield><subfield code="d">OCLCQ</subfield><subfield code="d">OCLCF</subfield><subfield code="d">OCLCO</subfield><subfield code="d">ORU</subfield></datafield><datafield ind1=" " ind2=" " tag="042"><subfield code="a">pcc</subfield></datafield><datafield ind1=" " ind2=" " tag="043"><subfield code="a">n-us-or</subfield></datafield><datafield ind1="0" ind2="4" tag="245"><subfield code="a">The Milton eagle.</subfield></datafield><datafield ind1=" " ind2=" " tag="260"><subfield code="a">Milton, Umatilla County, Or. :</subfield><subfield code="b">Milton Pub. Co.,</subfield><subfield code="c">-1951.</subfield></datafield><datafield ind1=" " ind2=" " tag="300"><subfield code="a">v.</subfield></datafield><datafield ind1=" " ind2=" " tag="310"><subfield code="a">Weekly</subfield></datafield><datafield ind1="1" ind2=" " tag="362"><subfield code="a">Began in 1887.</subfield></datafield><datafield ind1="0" ind2=" " tag="362"><subfield code="a">-v. 65, no. 2 (Jan. 25, 1951).</subfield></datafield><datafield ind1=" " ind2=" " tag="500"><subfield code="a">1922-1924 includes newspaper published during school terms by Columbia College.</subfield></datafield><datafield ind1=" " ind2=" " tag="500"><subfield code="a">1923-1925 includes newspaper published during school terms by MacLoughlin High School.</subfield></datafield><datafield ind1=" " ind2=" " tag="530"><subfield code="a">Also issued on microfilm from University of Oregon.</subfield></datafield><datafield ind1=" " ind2=" " tag="580"><subfield code="a">Includes: New Walla Walla herald, &lt;Jan. 10, 1890-Feb. 21, 1890&gt;.</subfield></datafield><datafield ind1=" " ind2=" " tag="580"><subfield code="a">Absorbed Weston leader Nov. 21, 1946.</subfield></datafield><datafield ind1=" " ind2=" " tag="580"><subfield code="a">Beginning with Aug. 15, 1946 issue, Athena press (Athena, Or. : 1946) resumes independent publication.</subfield></datafield><datafield ind1=" " ind2=" " tag="580"><subfield code="a">Merged with: Freewater times (Milton-Freewater, Or.), to form: Eagle times (Milton-Freewater, Or.).</subfield></datafield><datafield ind1=" " ind2=" " tag="588"><subfield code="a">Description based on: Vol. 1, no. 40 (Oct. 14, 1887).</subfield></datafield><datafield ind1=" " ind2="0" tag="651"><subfield code="a">Milton-Freewater (Or.)</subfield><subfield code="v">Newspapers.</subfield></datafield><datafield ind1=" " ind2="0" tag="651"><subfield code="a">Athena (Or.)</subfield><subfield code="v">Newspapers.</subfield></datafield><datafield ind1=" " ind2="7" tag="651"><subfield code="a">Oregon</subfield><subfield code="z">Athena.</subfield><subfield code="2">fast</subfield><subfield code="0">(OCoLC)fst01881047</subfield></datafield><datafield ind1=" " ind2="7" tag="651"><subfield code="a">Oregon</subfield><subfield code="z">Milton-Freewater.</subfield><subfield code="2">fast</subfield><subfield code="0">(OCoLC)fst01221459</subfield></datafield><datafield ind1=" " ind2="7" tag="655"><subfield code="a">Newspapers.</subfield><subfield code="2">fast</subfield><subfield code="0">(OCoLC)fst01423814</subfield></datafield><datafield ind1="0" ind2="2" tag="740"><subfield code="a">Columbia collegian.</subfield></datafield><datafield ind1="0" ind2="2" tag="740"><subfield code="a">Mac hi messenger.</subfield></datafield><datafield ind1=" " ind2=" " tag="752"><subfield code="a">United States</subfield><subfield code="b">Oregon</subfield><subfield code="c">Umatilla</subfield><subfield code="d">Milton-Freewater.</subfield></datafield><datafield ind1="1" ind2=" " tag="777"><subfield code="t">New Walla Walla herald</subfield><subfield code="w">(DLC)sn 96088359</subfield><subfield code="w">(OCoLC)36933548</subfield></datafield><datafield ind1="0" ind2="5" tag="780"><subfield code="t">Athena press (Athena, Or. : 1893)</subfield><subfield code="w">(DLC)sn 96088356</subfield><subfield code="w">(OCoLC)36919295</subfield></datafield><datafield ind1="0" ind2="5" tag="780"><subfield code="t">Weston leader</subfield><subfield code="g">Nov. 21, 1946</subfield><subfield code="w">(DLC)sn 94052320</subfield><subfield code="w">(OCoLC)29831588</subfield></datafield><datafield ind1="0" ind2="1" tag="785"><subfield code="t">Athena press (Athena, Or. : 1946)</subfield><subfield code="w">(DLC)sn 96088357</subfield><subfield code="w">(OCoLC)36919564</subfield></datafield><datafield ind1="1" ind2="7" tag="785"><subfield code="t">Freewater times</subfield><subfield code="w">(DLC)sn 96088366</subfield><subfield code="w">(OCoLC)36919439</subfield></datafield><datafield ind1="1" ind2="7" tag="785"><subfield code="t">Eagle times (Milton-Freewater, Or.)</subfield><subfield code="w">(DLC)sn 96088360</subfield><subfield code="w">(OCoLC)36919414</subfield></datafield><datafield ind1="1" ind2=" " tag="029"><subfield code="a">AU@</subfield><subfield code="b">000013282404</subfield></datafield></record>